@article{awan2021top,
  title={TOP-rank: a topicalpostionrank for extraction and classification of keyphrases in text},
  author={Awan, Mubashar Nazar and Beg, Mirza Omer},
  journal={Computer Speech \& Language},
  volume={65},
  pages={101--116},
  year={2021},
  publisher={Elsevier}
}

@article{qamarrelationship,
  title={Relationship Identification Between Conversational Agents Using Emotion Analysis},
  author={Qamar, Saira and Mujtaba, Hasan and Majeed, Hammad and Beg, Mirza Omer},
  journal={Cognitive Computation},
  pages={1--15},
  year={2021},
  publisher={Springer}
}

@article{afzal2021urldeepdetect,
  title={URLdeepDetect: A Deep Learning Approach for Detecting Malicious URLs Using Semantic Vector Models},
  author={Afzal, Sara and Asim, Muhammad and Javed, Abdul Rehman and Beg, Mirza Omer and Baker, Thar},
  journal={Journal of Network and Systems Management},
  volume={29},
  number={3},
  pages={1--27},
  year={2021},
  publisher={Springer}
}

@article{javed2021smartphone,
  title={A Smartphone Sensors-based Personalized Human Activity Recognition System for Sustainable Smart Cities},
  author={Javed, Abdul Rehman and Faheem, Raza and Asim, Muhammad and Baker, Thar and Beg, Mirza Omer},
  journal={Sustainable Cities and Society},
  pages={102970},
  year={2021},
  publisher={Elsevier}
}


@inproceedings{anwar2020tac,
  title={TAC at SemEval-2020 Task 12: Ensembling Approach for Multilingual Offensive Language Identification in Social Media},
  author={Anwar, Talha and Baig, Omer},
  booktitle={Proceedings of the Fourteenth Workshop on Semantic Evaluation},
  pages={2177--2182},
  year={2020}
}

@inproceedings{naeem2020subspace,
  title={Subspace Gaussian Mixture Model for Continuous Urdu Speech Recognition using Kaldi},
  author={Naeem, Saad and Iqbal, Majid and Saqib, Muhammad and Saad, Muhammad and Raza, Muhammad Soban and Ali, Zaid and Akhtar, Naveed and Beg, Mirza Omer and Shahzad, Waseem and Arshad, Muhhamad Umair},
  booktitle={2020 14th International Conference on Open Source Systems and Technologies (ICOSST)},
  pages={1--7},
  year={2020},
  organization={IEEE}
}

@article{javed2020collaborative,
  title={A collaborative healthcare framework for shared healthcare plan with ambient intelligence},
  author={Javed, Abdul Rehman and Sarwar, Muhammad Usman and Beg, Mirza Omer and Asim, Muhammad and Baker, Thar and Tawfik, Hissam},
  journal={Human-centric Computing and Information Sciences},
  volume={10},
  number={1},
  pages={1--21},
  year={2020},
  publisher={Springer}
}

@inproceedings{majeed2020emotion,
  title={Emotion detection in Roman Urdu text using machine learning},
  author={Majeed, Adil and Mujtaba, Hasan and Beg, Mirza Omer},
  booktitle={Proceedings of the 35th IEEE/ACM International Conference on Automated Software Engineering Workshops},
  pages={125--130},
  year={2020}
}

@inproceedings{majeed2020emotion,
  title={Emotion detection in Roman Urdu text using machine learning},
  author={Majeed, Adil and Mujtaba, Hasan and Beg, Mirza Omer},
  booktitle={Proceedings of the 35th IEEE/ACM International Conference on Automated Software Engineering Workshops},
  pages={125--130},
  year={2020}
}

@article{asad2020deepdetect,
  title={DeepDetect: detection of distributed denial of service attacks using deep learning},
  author={Asad, Muhammad and Asim, Muhammad and Javed, Talha and Beg, Mirza O and Mujtaba, Hasan and Abbas, Sohail},
  journal={The Computer Journal},
  volume={63},
  number={7},
  pages={983--994},
  year={2020},
  publisher={Oxford University Press}
}

@article{javed2020alphalogger,
  title={AlphaLogger: Detecting motion-based side-channel attack using smartphone keystrokes},
  author={Javed, Abdul Rehman and Beg, Mirza Omer and Asim, Muhammad and Baker, Thar and Al-Bayatti, Ali Hilal},
  journal={Journal of Ambient Intelligence and Humanized Computing},
  pages={1--14},
  year={2020},
  publisher={Springer}
}

@article{naeem2020deep,
  title={A deep learning framework for clickbait detection on social area network using natural language cues},
  author={Naeem, Bilal and Khan, Aymen and Beg, Mirza Omer and Mujtaba, Hasan},
  journal={Journal of Computational Social Science},
  pages={1--13},
  year={2020},
  publisher={Springer}
}

@article{zafar2020search,
  title={Search-based procedural content generation for GVG-LG},
  author={Zafar, Adeel and Mujtaba, Hasan and Beg, Mirza Omer},
  journal={Applied Soft Computing},
  volume={86},
  pages={105909},
  year={2020},
  publisher={Elsevier}
}

@inproceedings{arshad2019corpus,
  title={Corpus for Emotion Detection on Roman Urdu},
  author={Arshad, Muhammad Umair and Bashir, Muhammad Farrukh and Majeed, Adil and Shahzad, Waseem and Beg, Mirza Omer},
  booktitle={2019 22nd International Multitopic Conference (INMIC)},
  pages={1--6},
  year={2019},
  organization={IEEE}
}

@inproceedings{zafar2019constructive,
  title={A Constructive Approach for General Video Game Level Generation},
  author={Zafar, Adeel and Mujtaba, Hasan and Ashiq, Sohrab and Beg, Mirza Omer},
  booktitle={2019 11th Computer Science and Electronic Engineering (CEEC)},
  pages={102--107},
  year={2019},
  organization={IEEE}
}

@article{zafar2019using,
  title={Using patterns as objectives for general video game level generation},
  author={Zafar, Adeel and Mujtaba, Hasan and Baig, Mirza Tauseef and Beg, Mirza Omer},
  journal={ICGA Journal},
  volume={41},
  number={2},
  pages={66--77},
  year={2019},
  publisher={IOS Press}
}

@article{uzair2019weec,
  title={Weec: Web energy efficient computing: A machine learning approach},
  author={Uzair, Ahmed and Beg, Mirza O and Mujtaba, Hasan and Majeed, Hammad},
  journal={Sustainable Computing: Informatics and Systems},
  volume={22},
  pages={230--243},
  year={2019},
  publisher={Elsevier}
}

@article{sahar2019towards,
  title={Towards energy aware object-oriented development of android applications},
  author={Sahar, Hareem and Bangash, Abdul A and Beg, Mirza O},
  journal={Sustainable Computing: Informatics and Systems},
  volume={21},
  pages={28--46},
  year={2019},
  publisher={Elsevier}
}

@article{javed2019fairness,
  title={Fairness in Real-Time Energy Pricing for Smart Grid Using Unsupervised Learning},
  author={Javed, Hafiz Tayyeb and Beg, Mirza Omer and Mujtaba, Hasan and Majeed, Hammad and Asim, Muhammad},
  journal={The Computer Journal},
  volume={62},
  number={3},
  pages={414--429},
  year={2019},
  publisher={Oxford University Press}
}

@article{tariq2019accurate,
  title={Accurate detection of sitting posture activities in a secure IoT based assisted living environment},
  author={Tariq, Muhammad and Majeed, Hammad and Beg, Mirza Omer and Khan, Farrukh Aslam and Derhab, Abdelouahid},
  journal={Future Generation Computer Systems},
  volume={92},
  pages={745--757},
  year={2019},
  publisher={Elsevier}
}

@incollection{beg2019algorithmic,
  title={Algorithmic Machine Learning for Prediction of Stock Prices},
  author={Beg, Mirza O and Awan, Mubashar Nazar and Ali, Syed Shahzaib},
  booktitle={FinTech as a Disruptive Technology for Financial Institutions},
  pages={142--169},
  year={2019},
  publisher={IGI Global}
}

@inproceedings{khawaja2018domain,
  title={Domain specific emotion lexicon expansion},
  author={Khawaja, Hussain S and Beg, Mirza O and Qamar, Saira},
  booktitle={2018 14th International Conference on Emerging Technologies (ICET)},
  pages={1--5},
  year={2018},
  organization={IEEE}
}

@article{dilawar2018understanding,
  title={Understanding citizen issues through reviews: A step towards data informed planning in smart cities},
  author={Dilawar, Noman and Majeed, Hammad and Beg, Mirza Omer and Ejaz, Naveed and Muhammad, Khan and Mehmood, Irfan and Nam, Yunyoung},
  journal={Applied Sciences},
  volume={8},
  number={9},
  pages={1589},
  year={2018}
}

@inproceedings{zafar2018deceptive,
  title={Deceptive Level Generator.},
  author={Zafar, Adeel and Mujtaba, Hasan and Beg, Mirza Omer and Ali, Sajid},
  booktitle={AIIDE Workshops},
  year={2018}
}

@inproceedings{alvi2017ensights,
  title={Ensights: A tool for energy aware software development},
  author={Alvi, Hamza M and Sahar, Hareem and Bangash, Abdul A and Beg, Mirza O},
  booktitle={2017 13th International Conference on Emerging Technologies (ICET)},
  pages={1--6},
  year={2017},
  organization={IEEE}
}

@inproceedings{bangash2017methodology,
  title={A methodology for relating software structure with energy consumption},
  author={Bangash, Abdul Ali and Sahar, Hareem and Beg, Mirza Omer},
  booktitle={2017 IEEE 17th International Working Conference on Source Code Analysis and Manipulation (SCAM)},
  pages={111--120},
  year={2017},
  organization={IEEE}
}

@article{beg2013constraint,
  title={A constraint programming approach for integrated spatial and temporal scheduling for clustered architectures},
  author={Beg, Mirza and Beek, Peter van},
  journal={ACM Transactions on Embedded Computing Systems (TECS)},
  volume={13},
  number={1},
  pages={1--23},
  year={2013}
}

@article{beg2013combinatorial,
  title={Combinatorial problems in compiler optimization},
  author={Beg, Mirza Omer},
  year={2013},
  publisher={University of Waterloo}
}

@inproceedings{beg2011constraint,
  title={A constraint programming approach for instruction assignment},
  author={Beg, Mirza and Van Beek, Peter},
  booktitle={2011 15th Workshop on Interaction between Compilers and Computer Architectures},
  pages={25--34},
  year={2011},
  organization={IEEE}
}

@inproceedings{beg2010graph,
  title={A graph theoretic approach to cache-conscious placement of data for direct mapped caches},
  author={Beg, Mirza and Van Beek, Peter},
  booktitle={Proceedings of the 2010 international symposium on Memory management},
  pages={113--120},
  year={2010}
}

@article{beg2008critical,
  title={Critical path heuristic for automatic parallelization},
  author={Beg, M},
  journal={University of Waterloo, David R. Cheriton School of Computer Science, Technical Report CS-2008-16},
  year={2008},
  publisher={Citeseer}
}

@article{karsten2007axiomatic,
  title={An axiomatic basis for communication},
  author={Karsten, Martin and Keshav, Srinivasan and Prasad, Sanjiva and Beg, Mirza},
  journal={ACM SIGCOMM Computer Communication Review},
  volume={37},
  number={4},
  pages={217--228},
  year={2007}
}

@article{beg2001memory,
  title={A memory accounting interface for the Java programming language},
  author={Beg, Mirza and Dahlin, Mike},
  journal={Technical Report CS-TR-01--40, University of Texas at Austin},
  year={2001},
  publisher={Citeseer}
}

@inproceedings{farooq2019melta,
  title={MELTA: A Method Level Energy Estimation Technique for Android Development},
  author={Farooq, Muhammad Umer and Khan, Saif Ur Rehman and Beg, Mirza Omer},
  booktitle={2019 International Conference on Innovative Computing (ICIC)},
  pages={1--10},
  year={2019},
  organization={IEEE}
}

@inproceedings{farooq2019bigdata,
  title={BigData Analysis of Stack Overflow for Energy Consumption of Android Framework},
  author={Farooq, Muhammad Umer and Beg, Mirza Omer and others},
  booktitle={2019 International Conference on Innovative Computing (ICIC)},
  pages={1--9},
  year={2019},
  organization={IEEE}
}
